@ARTICLE{Banks21,
       author = {{Banks}, K. and {Brough}, S. and {Holwerda}, B.~W. and {Hopkins}, A.~M. and {L{\'o}pez-S{\'a}nchez}, {\'A}. R. and {Phillipps}, S. and {Pimbblet}, K.~A. and {Robotham}, A.~S.~G.},
        title = "{Galaxy And Mass Assembly (GAMA): The Merging Potential of Brightest Group Galaxies}",
      journal = {\apj},
     keywords = {Galaxy evolution, Galaxy groups, Early-type galaxies, 594, 597, 429, Astrophysics - Astrophysics of Galaxies},
         year = 2021,
        month = nov,
       volume = {921},
       number = {1},
          eid = {47},
        pages = {47},
          doi = {10.3847/1538-4357/ac1c0a},
archivePrefix = {arXiv},
       eprint = {2108.05923},
 primaryClass = {astro-ph.GA},
       adsurl = {https://ui.adsabs.harvard.edu/abs/2021ApJ...921...47B},
      adsnote = {Provided by the SAO/NASA Astrophysics Data System}
}

@ARTICLE{Martell02,
       author = {{Martell}, Sarah and {Laughlin}, Gregory},
        title = "{An Improved uvby-Metallicity Calibration for Metal-rich Stars}",
      journal = {\apjl},
     keywords = {Stars: Planetary Systems, Stars: Abundances, Astrophysics},
         year = 2002,
        month = sep,
       volume = {577},
       number = {1},
        pages = {L45-L48},
          doi = {10.1086/344165},
archivePrefix = {arXiv},
       eprint = {astro-ph/0207054},
 primaryClass = {astro-ph},
       adsurl = {https://ui.adsabs.harvard.edu/abs/2002ApJ...577L..45M},
      adsnote = {Provided by the SAO/NASA Astrophysics Data System}
}

@ARTICLE{AfrinBadhan2019,
       author = {{Afrin Badhan}, Mahmuda and {Wolf}, Eric T. and {Kopparapu}, Ravi Kumar and {Arney}, Giada and {Kempton}, Eliza M. -R. and {Deming}, Drake and {Domagal-Goldman}, Shawn D.},
        title = "{Stellar Activity Effects on Moist Habitable Terrestrial Atmospheres around M Dwarfs}",
      journal = {\apj},
     keywords = {planets and satellites: atmospheres, planets and satellites: composition, planets and satellites: terrestrial planets, stars: activity, stars: low-mass, ultraviolet: stars, Astrophysics - Earth and Planetary Astrophysics},
         year = 2019,
        month = dec,
       volume = {887},
       number = {1},
          eid = {34},
        pages = {34},
          doi = {10.3847/1538-4357/ab32e8},
archivePrefix = {arXiv},
       eprint = {1902.04086},
 primaryClass = {astro-ph.EP},
       adsurl = {https://ui.adsabs.harvard.edu/abs/2019ApJ...887...34A},
      adsnote = {Provided by the SAO/NASA Astrophysics Data System}
}

@ARTICLE{2023MNRAS.523L..80B,
       author = {{Banks}, Kirsten A. and {Ho}, Chantel Y.~Y. and {Martell}, Sarah L. and {Buder}, Sven and {Stello}, Dennis and {Sharma}, Sanjib and {Priest}, James and {Gonneau}, Ana{\"\i}s and {Hawkins}, Keith},
        title = "{CN and CO features: key indicators of red giant evolutionary phase in moderate-resolution X-shooter spectra}",
      journal = {\mnras},
     keywords = {asteroseismology, stars: evolution, software: data analysis, Astrophysics - Solar and Stellar Astrophysics, Astrophysics - Astrophysics of Galaxies},
         year = 2023,
        month = jul,
       volume = {523},
       number = {1},
        pages = {L80-L85},
          doi = {10.1093/mnrasl/slad062},
archivePrefix = {arXiv},
       eprint = {2305.11620},
 primaryClass = {astro-ph.SR},
       adsurl = {https://ui.adsabs.harvard.edu/abs/2023MNRAS.523L..80B},
      adsnote = {Provided by the SAO/NASA Astrophysics Data System}
}
